<record><leader>00000cas a2200000 a 4500</leader><controlfield tag="001">70842358</controlfield><controlfield tag="006">m     o  d        </controlfield><controlfield tag="007">cr anu||||||||</controlfield><controlfield tag="008">060807d18281833nyuwr nso     0    0eng c</controlfield><datafield ind1=" " ind2=" " tag="010"><subfield code="a">  2007233805</subfield></datafield><datafield ind1=" " ind2=" " tag="040"><subfield code="a">APSON</subfield><subfield code="b">eng</subfield><subfield code="c">APSON</subfield><subfield code="d">APSON</subfield><subfield code="d">GUA</subfield><subfield code="d">DLC</subfield><subfield code="d">OCLCQ</subfield><subfield code="d">OCLCA</subfield><subfield code="d">OCLCF</subfield></datafield><datafield ind1=" " ind2=" " tag="042"><subfield code="a">pcc</subfield></datafield><datafield ind1=" " ind2=" " tag="043"><subfield code="a">n-us-ny</subfield></datafield><datafield ind1="1" ind2="4" tag="050"><subfield code="a">BX8201</subfield></datafield><datafield ind1="0" ind2=" " tag="130"><subfield code="a">Christian advocate and journal, and Zion's herald (Online)</subfield></datafield><datafield ind1="1" ind2="0" tag="245"><subfield code="a">Christian advocate and journal, and Zion's herald</subfield><subfield code="h">[electronic resource].</subfield></datafield><datafield ind1="3" ind2=" " tag="246"><subfield code="a">Christian advocate and journal</subfield></datafield><datafield ind1="3" ind2=" " tag="246"><subfield code="a">Zion's herald</subfield></datafield><datafield ind1=" " ind2=" " tag="260"><subfield code="a">New York :</subfield><subfield code="b">J. Emory and B. Waugh for the Methodist Episcopal Church,</subfield><subfield code="c">1828-1833.</subfield></datafield><datafield ind1=" " ind2=" " tag="310"><subfield code="a">Weekly</subfield></datafield><datafield ind1="0" ind2=" " tag="362"><subfield code="a">Vol. 3, no. 1 (Sept. 5, 1828)-v. 7, no. 52 (Aug. 23, 1833) = whole no. 105-364.</subfield></datafield><datafield ind1=" " ind2=" " tag="500"><subfield code="a">Title from pdf caption (ProQuest APS Online, viewed Nov. 6, 2007).</subfield></datafield><datafield ind1=" " ind2=" " tag="530"><subfield code="a">Also issued in print and on microfilm.</subfield></datafield><datafield ind1=" " ind2=" " tag="538"><subfield code="a">Mode of access: World Wide Web.</subfield></datafield><datafield ind1=" " ind2=" " tag="550"><subfield code="a">Imprint varies: published later by B. Waugh and T. Mason.</subfield></datafield><datafield ind1=" " ind2=" " tag="580"><subfield code="a">Formed by the merger of: Christian advocate and journal (New York, NY. : 1827 : Online), and: Zion's herald (Boston, Mass. : 1823 : Online).</subfield></datafield><datafield ind1=" " ind2="0" tag="651"><subfield code="a">New York (N.Y.)</subfield><subfield code="v">Newspapers.</subfield></datafield><datafield ind1=" " ind2="0" tag="651"><subfield code="a">New York County (N.Y.)</subfield><subfield code="v">Newspapers.</subfield></datafield><datafield ind1=" " ind2="7" tag="655"><subfield code="a">Newspapers.</subfield><subfield code="2">fast</subfield><subfield code="0">(OCoLC)fst01423814</subfield></datafield><datafield ind1=" " ind2="7" tag="651"><subfield code="a">New York (State)</subfield><subfield code="z">New York.</subfield><subfield code="2">fast</subfield><subfield code="0">(OCoLC)fst01204333</subfield></datafield><datafield ind1=" " ind2="7" tag="651"><subfield code="a">New York (State)</subfield><subfield code="z">New York County.</subfield><subfield code="2">fast</subfield><subfield code="0">(OCoLC)fst01234953</subfield></datafield><datafield ind1="2" ind2=" " tag="710"><subfield code="a">Methodist Episcopal Church.</subfield></datafield><datafield ind1=" " ind2=" " tag="752"><subfield code="a">United States</subfield><subfield code="b">New York</subfield><subfield code="c">New York</subfield><subfield code="d">New York.</subfield></datafield><datafield ind1="1" ind2=" " tag="776"><subfield code="t">Christian advocate and journal and Zion's herald</subfield><subfield code="x">2157-5673</subfield><subfield code="w">(DLC)sn 91063067</subfield><subfield code="w">(OCoLC)6639433</subfield></datafield><datafield ind1="1" ind2="4" tag="780"><subfield code="t">Christian advocate and journal (New York, N.Y. : 1827 : Online)</subfield><subfield code="w">(DLC)  2007233804</subfield><subfield code="w">(OCoLC)70842271</subfield></datafield><datafield ind1="1" ind2="4" tag="780"><subfield code="t">Zion's herald (Boston, Mass. : 1823 : Online)</subfield><subfield code="w">(DLC)  2007233803</subfield><subfield code="w">(OCoLC)71295887</subfield></datafield><datafield ind1="0" ind2="6" tag="785"><subfield code="t">Christian advocate and journal (1833 : Online)</subfield><subfield code="w">(DLC)  2007233807</subfield><subfield code="w">(OCoLC)70842439</subfield></datafield><datafield ind1="0" ind2="6" tag="785"><subfield code="t">Zion's herald (Boston, Mass. : 1833 : Online)</subfield><subfield code="w">(DLC)  2007233806</subfield><subfield code="w">(OCoLC)71297041</subfield></datafield><datafield ind1="4" ind2="0" tag="856"><subfield code="u">http://proquest.umi.com/pdqweb</subfield></datafield></record>